@INPROCEEDINGS{ARGoS,
author={A. Reina and M. Salvaro and G. Francesca and L. Garattoni and C. Pinciroli and M. Dorigo and M. Birattari},
booktitle={2015 NASA/ESA Conference on Adaptive Hardware and Systems (AHS)},
title={Augmented reality for robots: Virtual sensing technology applied to a swarm of e-pucks},
year={2015},
volume={},
number={},
pages={1-6},
keywords={augmented reality;control engineering computing;mobile robots;robot vision;swarm intelligence;augmented reality;swarm robotics;virtual sensing technology;e-puck;multicamera tracking system;Robot sensing systems;Robot kinematics;Software;Hardware;Augmented reality},
doi={10.1109/AHS.2015.7231154},
ISSN={},
month={June},}

@ARTICLE{Shipyard,
author={P. Fraga-Lamas and T. M. Fernández-Caramés and Ó. Blanco-Novoa and M. A. Vilar-Montesinos},
journal={IEEE Access},
title={A Review on Industrial Augmented Reality Systems for the Industry 4.0 Shipyard},
year={2018},
volume={6},
number={},
pages={13358-13375},
keywords={augmented reality;cloud computing;production engineering computing;rendering (computer graphics);shipbuilding industry;software solutions;IAR system architecture;industrial augmented reality systems;shipbuilding companies;inner workings;Shipyards 4;digitalized processes;integrated network;industrial field;latest IAR systems;practical IAR system;shipyard workers;Augmented reality;Industries;Task analysis;Software;Cameras;Companies;Hardware;Industry 4.0;augmented reality;industrial augmented reality;Internet of Things;cyber-physical systems;industrial operator support;smart factory;task execution;cloudlet;edge computing},
doi={10.1109/ACCESS.2018.2808326},
ISSN={2169-3536},
month={},}

@article{RVContinuum,
author = {Milgram, Paul and Takemura, Haruo and Utsumi, Akira and Kishino, Fumio},
year = {1994},
month = {01},
pages = {},
title = {Augmented reality: A class of displays on the reality-virtuality continuum},
volume = {2351},
journal = {Telemanipulator and Telepresence Technologies},
doi = {10.1117/12.197321}
}

@inproceedings{SpatialARCollaborative,
author = {Materna, Zdenek and Kapinus, Michal and Beran, Vitezslav and Smrz, Pavel and Zemcík, Pavel},
year = {2018},
month = {08},
pages = {80-87},
title = {Interactive Spatial Augmented Reality in Collaborative Robot Programming: User Experience Evaluation},
doi = {10.1109/ROMAN.2018.8525662}
}

@INPROCEEDINGS{MoCap,
author={M. Field and D. Stirling and F. Naghdy and Z. Pan},
booktitle={2009 IEEE International Conference on Control and Automation},
title={Motion capture in robotics review},
year={2009},
volume={},
number={},
pages={1697-1702},
keywords={inertial systems;intelligent robots;path planning;sensors;tracking;robotic systems;sensor systems;sensor data;inertial motion capture system;clustering techniques;segmentation techniques;Robot sensing systems;Tracking;Intelligent robots;Robotics and automation;Humans;Australia;Data analysis;Intelligent sensors;Magnetic field measurement;Wearable sensors},
doi={10.1109/ICCA.2009.5410185},
ISSN={1948-3449},
month={Dec},}

@article{ArUco,
author = {Babinec, Andrej and Jurišica, Ladislav and Hubinský, Peter and Duchoň, František},
year = {2014},
month = {12},
pages = {},
title = {Visual Localization of Mobile Robot Using Artificial Markers},
volume = {96},
journal = {Procedia Engineering},
doi = {10.1016/j.proeng.2014.12.091}
}

@article{ARDebug,
author = {Millard, Alan and Redpath, Richard and M. Jewers, Alistair and Arndt, Charlotte and Joyce, Russell and Hilder, James and Mcdaid, L.J. and M. Halliday, David},
year = {2018},
month = {07},
pages = {87},
title = {ARDebug: An Augmented Reality Tool for Analysing and Debugging Swarm Robotic Systems},
volume = {5},
journal = {Frontiers in Robotics and AI},
doi = {10.3389/frobt.2018.00087}
}

@INPROCEEDINGS{RoboticArm,
author={I. Malý and D. Sedláček and P. Leitão},
booktitle={2016 IEEE 14th International Conference on Industrial Informatics (INDIN)},
title={Augmented reality experiments with industrial robot in industry 4.0 environment},
year={2016},
volume={},
number={},
pages={176-181},
keywords={augmented reality;data visualisation;industrial robots;virtual reality;augmented reality experiments;industrial robot;cyber-physical systems;virtual reality data visualization;smart glasses;mid-air gestures;smart phone;industry 4.0 environment;Data visualization;Industries;Glass;Service robots;Production;Augmented reality},
doi={10.1109/INDIN.2016.7819154},
ISSN={2378-363X},
month={July},}

@Article{augmentedprojectors,
author = {Molyneaux, D. and Izadi, S. and Kim, D. and Hilliges, O. and Hodges, S. and Cao, X. and Butler, A. and Gellersen, H. and Butler, Alex and Molyneaux, Dave and Hilliges, Otmar and Izadi, Shahram and Hodges, Steve and Cao, Xiang},
title = {Interactive Environment-Aware Handheld Projectors for Pervasive Computing Spaces},
year = {2012},
month = {January},
publisher = {Springer Berlin/Heidelberg},
url = {https://www.microsoft.com/en-us/research/publication/interactive-environment-aware-handheld-projectors-for-pervasive-computing-spaces/},
pages = {197-215},
journal = {Pervasive Computing},
}

@misc{MRControllers,
  title = {{MS Hololens} Hardware accessories},
  howpublished = {\url{https://docs.microsoft.com/en-us/windows/mixed-reality/hardware-accessories}},
  note = {Accessed: 29-01-2019}
}

@misc{HololensHW,
  title = {{MS Hololens} Hardware details},
  howpublished = {\url{https://docs.microsoft.com/en-us/windows/mixed-reality/hololens-hardware-details}},
  note = {Accessed: 29-01-2019}
}

@misc{MoCapStudio,
  title = {New Motion Capture Equipment for Digital Arts students!},
  howpublished = {\url{https://blogs.chapman.edu/dodge/2013/10/29/new-motion-capture-equipment-for-digital-arts-students/}},
  note = {Accessed: 29-01-2019}
}

@misc{HUD,
  title = {{Continental} Head-up Displays},
  howpublished = {\url{http://continental-head-up-display.com/}},
  note = {Accessed: 29-01-2019}
}

@misc{depthData,
  title = {Kinect – OpenSource [News]CreativeApplications.Net},
  howpublished = {\url{https://doomicile.de/story/kinect-opensource-newscreativeapplicationsnet}},
  note = {Accessed: 29-01-2019}
}

@misc{DWM1000,
  title = {DWM1000 Module},
  howpublished = {\url{https://www.decawave.com/product/dwm1000-module/}},
  note = {Accessed: 29-01-2019}
}

@misc{swipeGlass,
  title = {{Google Glass} Uses and Features},
  howpublished = {\url{https://sites.google.com/site/g00g13g1a55/google-glass}},
  note = {Accessed: 29-01-2019}
}

@misc{gestureControl,
  title = {{Microsoft Hololens} Gestures},
  howpublished = {\url{https://docs.microsoft.com/en-us/windows/mixed-reality/gestures}},
  note = {Accessed: 29-01-2019}
}

@misc{MOVERIOPRO,
  title = {{Epson} MOVERIO PRO BT-2200},
  howpublished = {\url{https://www.epson.pl/products/see-through-mobile-viewer/moverio-pro-bt-2200}},
  note = {Accessed: 29-01-2019}
}

@misc{DAQRI,
  title = {{DAQRI} Smart Glasses},
  howpublished = {\url{https://daqri.com/products/smart-glasses/}},
  note = {Accessed: 29-01-2019}
}

@misc{Lumen,
  title = {{ARVIND SANJEEV} LUMEN},
  howpublished = {\url{http://arvindsanjeev.com/lumen.html}},
  note = {Accessed: 29-01-2019}
}

@misc{LGS,
  title = {{Light Guide Systems} Classic},
  howpublished = {\url{https://lightguidesys.com/products/light-guide-systems-classic/}},
  note = {Accessed: 29-01-2019}
}

@misc{MagicLeap,
  title = {{Magic Leap} One},
  howpublished = {\url{https://www.magicleap.com/magic-leap-one}},
  note = {Accessed: 29-01-2019}
}

@misc{Glass,
  title = {{Google} Glass},
  howpublished = {\url{https://www.x.company/glass/}},
  note = {Accessed: 29-01-2019}
}
